@misc{afpa16illegal,
  author = {AF\&PA},
  howpublished = "\url{www.afandpa.org/issues/issues-group/illegal-logging}",
  year = {2016}, 
}

@article{allnutt2013mapping,
  title={Mapping recent deforestation and forest disturbance in northeastern Madagascar},
  author={Allnutt, T. F. and Asner, G. P. and Golden, C. D. and Powell, G. V. N.},
  journal={TROP CONSERV SCI},
  volume={6},
  number={1},
  pages={1--15},
  year={2013}
}

@article{andonov2000unbounded,
  title={Unbounded knapsack problem: Dynamic programming revisited},
  author={Andonov, R. and Poirriez, V. and Rajopadhye, S.},
  journal={EUR J OPER RES},
  volume={123},
  number={2},
  pages={394--407},
  year={2000},
  publisher={Elsevier}
}

@article{bdg2015advpatr,
  title={Adversarial patrolling with spatially uncertain alarm signals},
  author={Basilico, N. and De Nittis, G. and Gatti, N.},
  journal={arXiv:1506.02850 },
  year={2015}
}

@article{basilico2016multi,
  title={Multi-resource defensive strategies for patrolling games with alarm systems},
  author={Basilico, N. and De Nittis, G. and Gatti, N.},
  journal={arXiv:1606.02221},
  year={2016}
}

@inproceedings{debenignis2016,
  title={A Security Game Combining Patrolling and Alarm-Triggered Responses under Spatial and Detection Uncertainties},
  author={Basilico, N. and De Nittis, G. and Gatti, N.},
  booktitle={{AAAI}},
  year={2016},
}

@techreport{cho2013multi,
  title={Multi-objective optimization for trustworthy tactical networks: A survey and insights},
  author={Cho, J. and Chen, I. and Wang, Y. and Chan, K. S. and Swami, A.},
  year={2013},
  institution={DTIC Document}
}

@inproceedings{conitzer2006computing,
  title={Computing the optimal strategy to commit to},
  author={Conitzer, V. and Sandholm, T.},
  booktitle={{EC}},
  pages={82--90},
  year={2006}
}

@article{dantzig1957discrete,
  title={Discrete-variable extremum problems},
  author={Dantzig, G. B.},
  journal={{OPER RES}},
  volume={5},
  number={2},
  pages={266--288},
  year={1957}
}

@article{dhital2015issues,
  title={Issues and challenges of forest governance in Madagascar},
  author={Dhital, N. and Vololomboahangy, R. R. and Khasa, D. P.},
  journal={{CAN J DEV STUD}},
  volume={36},
  number={1},
  pages={38--56},
  year={2015}
}

@inproceedings{eppstein2008studying,
  title={Studying (non-planar) road networks through an algorithmic lens},
  author={Eppstein, D. and Goodrich, M. T.},
  booktitle={{SIGSPATIAL}},
  pages={16},
  year={2008}
}

@inproceedings{fang2015security,
  title={When security games go green: Designing defender strategies to prevent poaching and illegal fishing},
  author={Fang, F. and Stone, P. and Tambe, M.},
  booktitle={{IJCAI}},
  year={2015}
}

@article{feige1998threshold,
  title={A threshold of ln n for approximating set cover},
  author={Feige, U.},
  journal={{JACM}},
  volume={45},
  number={4},
  pages={634--652},
  year={1998}
}

@inproceedings{gaston2005agent,
  title={Agent-organized networks for dynamic team formation},
  author={Gaston, M. E. and desJardins, M.},
  booktitle={{AAMAS}},
  pages={230--237},
  year={2005}
}

@inproceedings{jain2011double,
  title={A double oracle algorithm for zero-sum security games on graphs},
  author={Jain, M. and Korzhyk, D. and Van{\v{e}}k, O. and Conitzer, V. and P{\v{e}}chou{\v{c}}ek, M. and Tambe, M.},
  booktitle={{AAMAS}},
  pages={327--334},
  year={2011}
}

@article{jain2012overview,
  title={An Overview of Recent Application Trends at the {AAMAS} Conference: Security, Sustainability, and Safety},
  author={Jain, M. and An, B. and Tambe, M.},
  journal={{AI MAG}},
  volume={33},
  number={3},
  pages={14--28},
  year={2012}
}

@inproceedings{jain2013security,
  title={Security scheduling for real-world networks},
  author={Jain, M. and Conitzer, V. and Tambe, M.},
  booktitle={{AAMAS}},
  pages={215--222},
  year={2013}
}

@article{jain2012deployment,
  title={The deployment-to-saturation ratio in security games},
  author={Jain, M. and Leyton-Brown, K. and Tambe, M.},
  journal={Target},
  volume={1},
  number={5},
  pages={5},
  year={2012}
}

@inproceedings{johnson2012patrol,
  title={Patrol Strategies to Maximize Pristine Forest Area.},
  author={Johnson, M. P. and Fang, F. and Tambe, M.},
  booktitle={{AAAI}},
  year={2012}
}

@inproceedings{korzhyk2010complexity,
  title={Complexity of Computing Optimal Stackelberg Strategies in Security Resource Allocation Games.},
  author={Korzhyk, D. and Conitzer, V. and Parr, R.},
  booktitle={{AAAI}},
  year={2010}
}

@article{khuller1999budgeted,
  title={The budgeted maximum coverage problem},
  author={Khuller, S. and Moss, A. and Naor, J. S.},
  journal={{INFORM PROCESS LETT}},
  volume={70},
  number={1},
  pages={39--45},
  year={1999}
}

@article{matthews2012competing,
  title={Competing with humans at fantasy football: Team formation in large partially-observable domains},
  author={Matthews, T. and Ramchurn, S. and Chalkiadakis, G.},
  booktitle={{AAAI}},
  year={2012}
}

@inproceedings{mc2016preventing,
  title={Preventing Illegal Logging: Simultaneous Optimization of Resource Teams and Tactics for Security},
  author={Mc Carthy, S. and Tambe, M. and Kiekintveld, C. and Gore, M. L. and Killion, A.},
  booktitle={{AAAI}},
  year={2016}
}

@inproceedings{mcmahan2003planning,
  title={Planning in the presence of cost functions controlled by an adversary},
  author={McMahan, H. B. and Gordon, G. J. and Blum, A.},
  booktitle={{ICML}},
  pages={536--543},
  year={2003}
}

@book{nellemann2012green,
  title={Green carbon, black trade: illegal logging, tax fraud and laundering in the world's tropical forests},
  author={Nellemann, C. and others},
  year={2012},
  publisher={United Nations Environment Programme, GRID-Arendal}
}

@inproceedings{nguyen2015making,
  title={Making the most of our regrets: Regret-based solutions to handle payoff uncertainty and elicitation in green security games},
  author={Nguyen, T. H. and Delle Fave, F. M. and Kar, D. and Lakshminarayanan, A. S. and Yadav, A. and Tambe, M. and Agmon, N. and Plumptre, A. J. and Driciru, M. and Wanyama, F. and others},
  booktitle={{GameSec}},
  pages={170--191},
  year={2015}
}

@inproceedings{obata2010consultation,
  title={Consultation algorithm for Computer Shogi: Move decisions by majority},
  author={Obata, T. and Sugiyama, T. and Hoki, K. and Ito, T.},
  booktitle={{CG}},
  pages={156--165},
  year={2010}
}

@inproceedings{okamoto2012solving,
  title={Solving non-zero sum multiagent network flow security games with attack costs},
  author={Okamoto, S. and Hazon, N. and Sycara, K.},
  booktitle={AAMAS},
  pages={879--888},
  year={2012}
}

@article{papadaki2016patrolling,
  title={Patrolling a border},
  author={Papadaki, K. and Alpern, S. and Lidbetter, T. and Morton, A.},
  journal={OPER RES},
  volume={64},
  number={6},
  pages={1256--1269},
  year={2016},
}

@book{tacconi2012illegal,
  title={Illegal logging: law enforcement, livelihoods and the timber trade},
  author={Tacconi, L.},
  year={2012},
  publisher={Earthscan}
}

@book{tambe2011security,
  title={Security and game theory: algorithms, deployed systems, lessons learned},
  author={Tambe, M.},
  year={2011},
  publisher={Cambridge University Press}
}

@article{toyne2002timber,
  title={The timber footprint of the G8 and China: Making the case for green procurement by government},
  author={Toyne, P. and Oâ€™Brien, C. and Nelson, R.},
  journal={WWF International, Version},
  volume={2},
  year={2002}
}

@misc{wwf15illegal,
  author = {WWF},
  howpublished = "\url{www.worldwildlife.org/initiatives/stopping-illegal-logging}",
  year = {2016}, 
}

@article{von2004leadership,
  title={Leadership with commitment to mixed strategies},
  author={Von Stengel, B. and Zamir, S.},
  year={2004},
  publisher={Centre for Discrete and Applicable Mathematics, London School of Economics and Political Science}
}



